@article{ravid,
    author  = "Ravi Dosanjh"
    title   = "Example Reference",
    year    = "2022",
    journal = "University of York",
    volume  = "1",
    number  = "2",
    pages   = "34--56"
}
